@Manual{R-base,
  title = {R: A Language and Environment for Statistical Computing},
  author = {{R Core Team}},
  organization = {R Foundation for Statistical Computing},
  address = {Vienna, Austria},
  year = {2016},
  url = {https://www.R-project.org/},
}
@Manual{R-bookdown,
  title = {bookdown: Authoring Books and Technical Documents with R Markdown},
  author = {Yihui Xie},
  year = {2016},
  note = {R package version 0.3},
  url = {https://CRAN.R-project.org/package=bookdown},
}
@Manual{R-boot,
  title = {boot: Bootstrap Functions (Originally by Angelo Canty for S)},
  author = {Angelo Canty and Brian Ripley},
  year = {2016},
  note = {R package version 1.3-18},
  url = {https://CRAN.R-project.org/package=boot},
}
@Manual{R-convey,
    title = {convey: Income Concentration Analysis with Complex Survey Samples},
    author = {Djalma Pessoa and Anthony Damico and Guilherme Jacob},
    note = {R package version 0.2.2},
    year = {2020},
  }
@Manual{R-data.table,
  title = {data.table: Extension of `data.frame`},
  author = {Matt Dowle and Arun Srinivasan},
  year = {2016},
  note = {R package version 1.10.0},
  url = {https://CRAN.R-project.org/package=data.table},
}
@Manual{R-foreign,
  title = {foreign: Read Data Stored by Minitab, S, SAS, SPSS, Stata, Systat, Weka,
dBase, ...},
  author = {{R Core Team}},
  year = {2016},
  note = {R package version 0.8-67},
  url = {https://CRAN.R-project.org/package=foreign},
}
@Manual{R-knitr,
  title = {knitr: A General-Purpose Package for Dynamic Report Generation in R},
  author = {Yihui Xie},
  year = {2016},
  note = {R package version 1.15.1},
  url = {https://CRAN.R-project.org/package=knitr},
}
@Manual{R-laeken,
  title = {laeken: Estimation of indicators on social exclusion and poverty},
  author = {Andreas Alfons and Josef Holzer and Matthias Templ},
  year = {2014},
  note = {R package version 0.4.6},
  url = {https://CRAN.R-project.org/package=laeken},
}
@Manual{R-MASS,
  title = {MASS: Support Functions and Datasets for Venables and Ripley's MASS},
  author = {Brian Ripley},
  year = {2016},
  note = {R package version 7.3-45},
  url = {https://CRAN.R-project.org/package=MASS},
}
@Manual{R-Matrix,
  title = {Matrix: Sparse and Dense Matrix Classes and Methods},
  author = {Douglas Bates and Martin Maechler},
  year = {2016},
  note = {R package version 1.2-7.1},
  url = {https://CRAN.R-project.org/package=Matrix},
}

@Manual{R-rmarkdown,
  title = {rmarkdown: Dynamic Documents for R},
  author = {JJ Allaire and Joe Cheng and Yihui Xie and Jonathan McPherson and Winston Chang and Jeff Allen and Hadley Wickham and Aron Atkins and Rob Hyndman},
  year = {2016},
  note = {R package version 1.2},
  url = {https://CRAN.R-project.org/package=rmarkdown},
}

@Manual{R-stringr,
  title = {stringr: Simple, Consistent Wrappers for Common String Operations},
  author = {Hadley Wickham},
  year = {2016},
  note = {R package version 1.1.0},
  url = {https://CRAN.R-project.org/package=stringr},
}

@Misc{R-survey,
    author = {Thomas Lumley},
    year = {2020},
    title = {survey: analysis of complex survey samples},
    note = {R package version 4.0},
  }
@Article{R-survey-article,
    year = {2004},
    author = {Thomas Lumley},
    title = {Analysis of Complex Survey Samples},
    journal = {Journal of Statistical Software},
    volume = {9},
    number = {1},
    pages = {1-19},
    note = {R package verson 2.2},
  }
 @Book{R-survey-book,
    year = {2010},
    author = {Thomas Lumley},
    title = {Complex Surveys: A Guide to Analysis Using R: A Guide to Analysis Using R},
    publisher = {John Wiley and Sons},
  }


@Manual{R-survival,
  title = {survival: Survival Analysis},
  author = {Terry M Therneau},
  year = {2016},
  note = {R package version 2.40-1},
  url = {https://CRAN.R-project.org/package=survival},
}

@Manual{R-vardpoor,
    title = {{vardpoor}: Estimation of indicators on social exclusion and poverty and its linearization, variance estimation},
    author = {Juris Breidaks and Martins Liberts and Santa Ivanova},
    year = {2020},
    note = {R package version 0.20.0},
    institution = {Central Statistical Bureau of Latvia},
    address = {Riga, Latvia},
    url = {https://csblatvia.github.io/vardpoor/},
  }

@Manual{R-webuse,
  title = {webuse: Import Stata 'webuse' Datasets},
  author = {Thomas J. Leeper},
  year = {2015},
  note = {R package version 0.1.2},
  url = {https://CRAN.R-project.org/package=webuse},
}

@Article{R-laeken,
    title = {Estimation of Social Exclusion Indicators from Complex Surveys: The {R} Package {laeken}},
    author = {Andreas Alfons and Matthias Templ},
    journal = {Journal of Statistical Software},
    year = {2013},
    volume = {54},
    number = {15},
    pages = {1--25},
    url = {http://www.jstatsoft.org/v54/i15/},
  }

@Manual{R-sampling,
    title = {sampling: Survey Sampling},
    author = {Yves Till√© and Alina Matei},
    year = {2021},
    note = {R package version 2.9},
    url = {https://CRAN.R-project.org/package=sampling},
  }

 @Article{R-simPop,
    title = {Simulation of Synthetic Complex Data: The {R} Package {simPop}},
    author = {Matthias Templ and Bernhard Meindl and Alexander Kowarik and Olivier Dupriez},
    journal = {Journal of Statistical Software},
    year = {2017},
    volume = {79},
    number = {10},
    pages = {1--38},
    doi = {10.18637/jss.v079.i10},
  }
